@book{breiman1984classification,
	title={Classification and regression trees},
	author={Breiman, Leo and Friedman, Jerome and Stone, Charles J and Olshen, Richard A},
	year={1984},
	publisher={CRC press}
}
@article{lopez2015arbres,
	title={Arbres de r{\'e}gression et de classification (CART)},
	author={Lopez, Olivier and Milhaud, Xavier and Th{\'e}rond, Pierre-Emmanuel},
	journal={l'actuariel},
	number={15},
	pages={42--44},
	year={2015}
}

@book{friedman2001elements,
	title={The elements of statistical learning},
	author={Friedman, Jerome and Hastie, Trevor and Tibshirani, Robert},
	volume={1},
	year={2001},
	publisher={Springer series in statistics New York}
}

@book{james2013introduction,
	title={An introduction to statistical learning},
	author={James, Gareth and Witten, Daniela and Hastie, Trevor and Tibshirani, Robert},
	volume={112},
	year={2013},
	publisher={Springer}
}

@article{james2017package,
	title={Package ‘ISLR’},
	author={James, Gareth and Witten, Daniela and Hastie, Trevor and Tibshirani, Rob and Hastie, Maintainer Trevor and Suggests, MASS},
	year={2017}
}